<?xml version="1.0" encoding="UTF-8"?><collection xmlns="http://www.loc.gov/MARC21/slim"><record><leader>00421nam--2200169-i-4500</leader><controlfield tag="001">000049583</controlfield><controlfield tag="002">20161230</controlfield><controlfield tag="005">20170113151019</controlfield><controlfield tag="008">060222s1000------------r-----000-0-eng-d</controlfield><datafield ind1=" " ind2=" " tag="080"><subfield code="a">530.145.6:621.375.826:537.8</subfield></datafield><datafield ind1=" " ind2=" " tag="100"><subfield code="a">Allen, L</subfield></datafield><datafield ind1=" " ind2=" " tag="245"><subfield code="a">Opticheskii rezonans i dbuxurovnevye atomy</subfield></datafield><datafield ind1=" " ind2=" " tag="260"><subfield code="a">Moskva</subfield><subfield code="b">Mir</subfield><subfield code="c">1978</subfield></datafield><datafield ind1=" " ind2=" " tag="300"><subfield code="a">222 S</subfield></datafield><datafield ind1=" " ind2=" " tag="700"><subfield code="a">Eberli, Dzh</subfield></datafield><datafield ind1=" " ind2=" " tag="852"><subfield code="a">47159</subfield></datafield><datafield ind1=" " ind2=" " tag="CAT"><subfield code="a">SYS</subfield><subfield code="c">20170113</subfield><subfield code="h">151019</subfield></datafield></record></collection>